<?xml version="1.0" encoding="UTF-8"?><collection xmlns="http://www.loc.gov/MARC21/slim"><record><leader>00429nam--2200169-i-4500</leader><controlfield tag="001">000039597</controlfield><controlfield tag="002">20161230</controlfield><controlfield tag="005">20170119093705</controlfield><controlfield tag="008">060222s1000------------r-----000-0-eng-d</controlfield><datafield ind1=" " ind2=" " tag="040"><subfield code="a">IFIN-HH</subfield></datafield><datafield ind1=" " ind2=" " tag="080"><subfield code="a">621.384.6</subfield></datafield><datafield ind1="1" ind2=" " tag="100"><subfield code="a">Rosenblatt, J</subfield></datafield><datafield ind1="1" ind2="0" tag="245"><subfield code="a">Particle Acceleration</subfield><subfield code="c">J. Rosenblatt</subfield></datafield><datafield ind1=" " ind2=" " tag="260"><subfield code="a">London</subfield><subfield code="b">Methuen &amp; Co. Ltd</subfield><subfield code="c">1968</subfield></datafield><datafield ind1=" " ind2=" " tag="300"><subfield code="a">viii + 183p</subfield></datafield><datafield ind1=" " ind2=" " tag="852"><subfield code="a">34227</subfield><subfield code="c">621.384.6</subfield></datafield><datafield ind1=" " ind2=" " tag="CAT"><subfield code="a">SYS</subfield><subfield code="c">20170119</subfield><subfield code="h">093705</subfield></datafield></record></collection>